@preamble{ "\newcommand{\noopsort}[1]{} "
	# "\newcommand{\printfirst}[2]{#1} "
	# "\newcommand{\singleletter}[1]{#1} "
	# "\newcommand{\switchargs}[2]{#2#1} " }

@inproceedings{nlpAndRegex,
	title={Cascaded data mining methods for text understanding, with medical case study},
	author={Romano, Roni and Rokach, Lior and Maimon, Oded},
	booktitle={Sixth IEEE International Conference on Data Mining-Workshops (ICDMW'06)},
	pages={458--462},
	year={2006},
	organization={IEEE}
}

@article{hedea,
	title={HEDEA: a Python tool for extracting and analysing semi-structured information from medical records},
	author={Aggarwal, Anshul and Garhwal, Sunita and Kumar, Ajay},
	journal={Healthcare informatics research},
	volume={24},
	number={2},
	pages={148--153},
	year={2018},
	publisher={Korean Society of Medical Informatics}
}

@inproceedings{infExtGer,
	title={Information Extraction from Unstructured Electronic Health Records and Integration into a Data Warehouse.},
	author={Fette, Georg and Ertl, Maximilian and W{\"o}rner, Anja and Kluegl, Peter and St{\"o}rk, Stefan and Puppe, Frank},
	booktitle={GI-Jahrestagung},
	pages={1237--1251},
	year={2012}
}

@article{CRF,
	title={Conditional random fields: An introduction},
	author={Wallach, Hanna M},
	journal={Technical Reports (CIS)},
	pages={22},
	year={2004}
}

@article{CHA,
	title={Regular expression based medical text classification using constructive heuristic approach},
	author={Cui, Menglin and Bai, Ruibin and Lu, Zheng and Li, Xiang and Aickelin, Uwe and Ge, Peiming},
	journal={IEEE Access},
	volume={7},
	pages={147892--147904},
	year={2019},
	publisher={IEEE}
}

@misc{conHeu,
	title = "{Constructive heuristic}. In Wikipedia, The Free Encyclopedia",
	year = "2022",
	howpublished = {\url{http://en.wikipedia.org/w/index.php?title=Constructive\%20heuristic&oldid=1032227019}},
	note = "[Online; accessed 07-December-2022]"
}

@article{antibodies,
	title={COVID-19 antibody tests: a valuable public health tool with limited relevance to individuals},
	author={West, Rachel and Kobokovich, Amanda and Connell, Nancy and Gronvall, Gigi Kwik},
	journal={Trends in microbiology},
	volume={29},
	number={3},
	pages={214--223},
	year={2021},
	publisher={Elsevier}
}

@misc{smernica,
 title={Vnútorný predpis č. 7/2018, {Ú}plné znenie vnútorného predpisu
 č. 12/2013 {S}mernice rektora {U}niverzity {K}omenského v
 {B}ratislave o základných náležitostiach záverečných
 prác, rigoróznych prác a habilitačných prác, kontrole
 ich originality, uchovávaní a sprístupňovaní na
 {U}niverzite {K}omenského v {B}ratislave v znení dodatku
 č. 1 a dodatku č. 2 Smernica rektora {U}niverzity
 {K}omenského v {B}ratislave o základných
 náležitostiach záverečných prác, rigoróznych prác a
 habilitačných prác, kontrole ich originality,
 uchovávaní a sprístupňovaní na {U}niverzite
 {K}omenského v {B}ratislave},
 author={{Univerzita Komenského v Bratislave}},
 year={2013},
 note={[Citované 2020-10-19] Dostupné z \url{https://uniba.sk/fileadmin/ruk/legislativa/2018/Vp_2018_07.pdf}},
}


